<collection xmlns="http://www.loc.gov/MARC21/slim">
<record>
  <leader>01464nam0a22002891i 450 </leader>
  <controlfield tag="001">IT\ICCU\CNCE\072586</controlfield>
  <controlfield tag="005">20080321000000.0</controlfield>
  <datafield tag="012" ind1=" " ind2=" ">
    <subfield code="a">ini- a,o, o:a. DiEc (C) 1539 (R)</subfield>
    <subfield code="2">fei</subfield>
  </datafield>
  <datafield tag="100" ind1=" " ind2=" ">
    <subfield code="a">20080321d1539        0itac0103    ba</subfield>
  </datafield>
  <datafield tag="101" ind1=" " ind2=" ">
    <subfield code="a">ITA</subfield>
  </datafield>
  <datafield tag="102" ind1=" " ind2=" ">
    <subfield code="a">IT</subfield>
  </datafield>
  <datafield tag="200" ind1="1" ind2=" ">
    <subfield code="a">Varii pensier amorosi de Gregorio di Ricardi veronese, intitolato Pretiosa margarita, doue si conteneno sonetti, capitoli, egloghe, dialoghi, pistole, strambotti, e barzelette, dall&apos;autor proprio diligentemente corretto</subfield>
  </datafield>
  <datafield tag="210" ind1=" " ind2=" ">
    <subfield code="d">1539</subfield>
    <subfield code="e">In Perugia</subfield>
    <subfield code="g">a instanza d&apos;Hippolito detto il Ferrarese</subfield>
    <subfield code="h">1539 dil mese di Zugno</subfield>
  </datafield>
  <datafield tag="215" ind1=" " ind2=" ">
    <subfield code="a">\48! c.</subfield>
    <subfield code="d">8ʻ</subfield>
  </datafield>
  <datafield tag="620" ind1=" " ind2=" ">
    <subfield code="a">IT</subfield>
    <subfield code="d">Perugia</subfield>
  </datafield>
  <datafield tag="700" ind1=" " ind2="1">
    <subfield code="a">Riccardi,</subfield>
    <subfield code="b">Gregorio</subfield>
    <subfield code="3">IT\ICCU\CNCA\028814</subfield>
  </datafield>
  <datafield tag="712" ind1="0" ind2="2">
    <subfield code="a">Ippolito da Ferrara</subfield>
    <subfield code="3">IT\ICCU\CNCT\000743</subfield>
    <subfield code="4">650</subfield>
  </datafield>
  <datafield tag="791" ind1="0" ind2="2">
    <subfield code="a">Ippolito Ferrarese</subfield>
    <subfield code="3">IT\ICCU\CNCT\003683</subfield>
    <subfield code="z">Ippolito da Ferrara</subfield>
  </datafield>
  <datafield tag="791" ind1="0" ind2="0">
    <subfield code="a">Ferrarese, Ippolito</subfield>
    <subfield code="3">IT\ICCU\CNCT\003684</subfield>
    <subfield code="z">Ippolito da Ferrara</subfield>
  </datafield>
  <datafield tag="791" ind1="0" ind2="0">
    <subfield code="a">Ferrara, Ippolito da</subfield>
    <subfield code="3">IT\ICCU\CNCT\004861</subfield>
    <subfield code="z">Ippolito da Ferrara</subfield>
  </datafield>
  <datafield tag="791" ind1="0" ind2="2">
    <subfield code="a">Hyppolito Ferrarese</subfield>
    <subfield code="3">IT\ICCU\CNCT\004863</subfield>
    <subfield code="z">Ippolito da Ferrara</subfield>
  </datafield>
  <datafield tag="791" ind1="0" ind2="2">
    <subfield code="a">Hippolito Ferrarese</subfield>
    <subfield code="3">IT\ICCU\CNCT\004864</subfield>
    <subfield code="z">Ippolito da Ferrara</subfield>
  </datafield>
  <datafield tag="801" ind1=" " ind2="3">
    <subfield code="a">IT</subfield>
    <subfield code="b">ICCU</subfield>
    <subfield code="c">20201115</subfield>
  </datafield>
  <datafield tag="899" ind1=" " ind2=" ">
    <subfield code="a">Biblioteca Casanatense. Roma</subfield>
    <subfield code="1">RM0313</subfield>
    <subfield code="2">RML 07</subfield>
  </datafield>
  <datafield tag="899" ind1=" " ind2=" ">
    <subfield code="a">Biblioteca dell&apos;Accademia nazionale dei Lincei e Corsiniana. Roma</subfield>
    <subfield code="1">RM0418</subfield>
    <subfield code="2">RML 10</subfield>
  </datafield>
  <datafield tag="899" ind1=" " ind2=" ">
    <subfield code="a">Biblioteca nazionale universitaria. Torino</subfield>
    <subfield code="1">TO0265</subfield>
    <subfield code="2">TO0 02</subfield>
  </datafield>
  <datafield tag="899" ind1=" " ind2=" ">
    <subfield code="a">Biblioteca comunale. Treviso</subfield>
    <subfield code="1">TV0114</subfield>
    <subfield code="2">VIA CT</subfield>
  </datafield>
</record>
</collection>
